@book{carvalho2021praticas,
  author    = {Adelaide Carvalho},
  title     = {Práticas de Python: Algoritmia e programação},
  year      = {2021},
  month     = mar,
  publisher = {FCA},
  isbn      = {9789727229185},
  language  = {portuguese},
  pages     = {352},
  note      = {Edição de Março de 2021}
}

@book{martins2015programacao,
  author    = {João Pavão Martins},
  title     = {Programação em Python: Introdução à programação utilizando múltiplos paradigmas},
  year      = {2015},
  month     = oct,
  publisher = {IST -- Instituto Superior Técnico},
  isbn      = {9789898481474},
  language  = {portuguese},
  pages     = {610},
  note      = {Edição de Outubro de 2015}
}
