@misc{mathstackexchange_honeycomb_2022,
  title = {Understanding the Honeycomb Conjecture},
  author = {stats_noob},
  howpublished = {Mathematics Stack Exchange},
  year = {2022},
  month = {Mar},
  url = {https://math.stackexchange.com/questions/4408719/understanding-the-honeycomb-conjecture},
  note = {Acedido em: 2025-10-06}
}

@misc{mathstackexchange_hexagon_subpaving_2023,
  title = {Is it really impossible to use hexagons for mixed-resolution cover?},
  author = {Peter Krauss},
  howpublished = {Mathematics Stack Exchange},
  year = {2023},
  month = {Dec},
  url = {https://math.stackexchange.com/questions/4829223/is-it-really-impossible-to-use-hexagons-for-mixed-resolution-cover},
  note = {Acedido em: 2025-10-02}
}

@misc{mathstackexchange_pentagon_tiling_2023,
  title = {2D tiling with regular pentagons (and generalizations)},
  author = {Rivers McForge},
  howpublished = {Mathematics Stack Exchange},
  year = {2023},
  month = {Dec},
  url = {https://math.stackexchange.com/questions/4823389/2d-tiling-with-regular-pentagons-and-generalizations},
  note = {Acedido em: 2025-10-02}
}

@misc{mathstackexchange_hyperbolic_tessellations_2013,
  title = {Questions about triangles, n-gons, and tessellations of the hyperbolic plane},
  author = {Ian},
  howpublished = {Mathematics Stack Exchange},
  year = {2013},
  month = {Jul},
  url = {https://math.stackexchange.com/questions/444401/questions-about-triangles-n-gons-and-tessellations-of-the-hyperbolic-plane},
  note = {Acedido em: 2025-10-02}
}

@misc{mathstackexchange_tiling_notations_2022,
  title = {Clarifying the meaning of the tiling/tessellation notations},
  author = {M. Rumpy},
  howpublished = {Mathematics Stack Exchange},
  year = {2022},
  month = {Jan},
  url = {https://math.stackexchange.com/questions/4356006/clarifying-the-meaning-of-the-tiling-tessellation-notations/4360239#4360239},
  note = {Acedido em: 2025-10-02}
}
